
@Article{tobias,
  author =       {Tobias Hartung},
  title =        {Genz Point Ladder Operator},
  journal =      {private communication},
  year =         {2020},
  OPTkey =       {},
  OPTvolume =    {},
  OPTnumber =    {},
  OPTpages =     {},
  OPTmonth =     {},
  OPTnote =      {},
  OPTannote =    {}
}

